<?xml version="1.0" encoding="UTF-8"?>
<marc:collection xmlns="http://www.loc.gov/MARC21/slim" xmlns:marc="http://www.loc.gov/MARC21/slim" xmlns:xsi="http://www.w3.org/2001/XMLSchema-instance" xsi:schemaLocation="http://www.loc.gov/standards/marcxml/schema/MARC21slim.xsd">
  <record>
    <leader>00000npc a2200000 u 4500</leader>
    <datafield ind1=" " ind2=" " tag="040">
      <subfield code="a">DWP</subfield>
      <subfield code="c">DWP</subfield>
      <subfield code="e">dacs</subfield>
    </datafield>
    <datafield ind1="0" ind2="0" tag="245">
      <subfield code="a">Georgetown Vertical File Index</subfield>
    </datafield>
    <datafield ind1=" " ind2=" " tag="300">
      <subfield code="a">300 Linear feet</subfield>
    </datafield>
    <datafield ind1="2" ind2=" " tag="520">
      <subfield code="a">These files cover all subjects related to Georgetown--social, economic, cultural, recreational, political, and historical.</subfield>
    </datafield>
    <datafield ind1=" " ind2=" " tag="544">
      <subfield code="a">Also see the Artificial Collection for rare historical items that have been removed from the Vertical Files. Vertical files related to Washington, D.C., history outside of Georgetown are housed in Washingtoniana at the interim location at Van Ness.</subfield>
    </datafield>
  </record>
</marc:collection>

